@misc{reading3,
author = {Jeremy Orloff and Jonathan Bloom},
title = {Conditional Probability, Independence and Bayesâ€™ Theorem Class 
  3, 18.05, Spring 2014},
howpublished = {Available at \url{https://ocw.mit.edu/courses/mathematics/18-05-introduction-to-probability-and-statistics-spring-2014/readings/MIT18_05S14_Reading3.pdf}
  (Spring 2014)
  }
},
@misc{latexSymbols,
author = {Scott Pakin},
title = {The Comprehensive Latex Symbol List},
howpublished = {Available at \url{https://math.uoregon.edu/wp-content/uploads/2014/12/compsymb-1qyb3zd.pdf}(2002/10/8)}
},
@misc{latexBold,
author = {ShareLaTex},
title = {Bold, Italics and Underlining},
howpublished = {https://www.sharelatex.com/learn/Bold,_italics_and_underlining}(2017)}
},
@misc{selfIndependent,
author = {Luther Martin},
title = {Events that are independent of Themselves},
howpublished = {https://www.voltage.com/math-2/events-that-are-independent-of-themselves/}(2011/6/26)}
},
@misc{reading3Questions,
author = {Jeremy Orloff and Jonathan Bloom},
title = {Reading Questions 3},
howpublished = {https://ocw.mit.edu/courses/mathematics/18-05-introduction-to-probability-and-statistics-spring-2014/readings/reading-questions-3/}(Spring 2014)}
}

