@misc{reading5b,
author = {Jeremy Orloff and Jonathan Bloom},
title = {Continuous Random Variables Class 5, 18.05, Spring 2014 Jeremy Orloff
and Jonathan Bloom},
howpublished = {Available at \url{https://ocw.mit.edu/courses/mathematics/18-05-introduction-to-probability-and-statistics-spring-2014/readings/MIT18_05S14_Reading5b.pdf}
  (Spring 2014)
  }
},
@misc{latexIntegrals,
author = {Sharelatex},
title = {Integrals, sums and limits},
howpublished = {Available at \url{https://www.sharelatex.com/learn/Integrals,_sums_and_limits}
  (2017)
  }
}
