@misc{probSet6,
author = {Jeremy Orloff and Jonathan Bloom},
title = {18.05 Problem Set 6, Spring 2014},
howpublished = {Available at \url{https://ocw.mit.edu/courses/mathematics/18-05-introduction-to-probability-and-statistics-spring-2014/assignments/MIT18_05S14_ps6.pdf}
  (Spring 2014)
  }
},
@misc{reading6a,
author = {Jeremy Orloff and Jonathan Bloom},
title = {Expectation, Variance and Standard Deviation for Continuous Random
  Variables Class 6, 18.05, Spring 2014 Jeremy Orloff and Jonathan Bloom },
   howpublished = {Available at \url{https://ocw.mit.edu/courses/mathematics/18-05-introduction-to-probability-and-statistics-spring-2014/readings/MIT18_05S14_Reading6a.pdf}
  (Spring 2014)
  }
},
@misc{reading10b,
author = {Jeremy Orloff and Jonathan Bloom},
title = {Maximum Likelihood Estimates Class 10, 18.05 Jeremy Orloff and 
Jonathan Bloom},
   howpublished = {Available at \url{https://ocw.mit.edu/courses/mathematics/18-05-introduction-to-probability-and-statistics-spring-2014/readings/MIT18_05S14_Reading10b.pdf}
  (Spring 2014)
  }
},
@misc{reading12b,
author = {Jeremy Orloff and Jonathan Bloom},
title = {Bayesian Updating: Odds Class 12, 18.05 Jeremy Orloff and Jonathan 
Bloom},
   howpublished = {Available at \url{https://ocw.mit.edu/courses/mathematics/18-05-introduction-to-probability-and-statistics-spring-2014/readings/MIT18_05S14_Reading12b.pdf}
  (Spring 2014)
  }
},
@misc{reading12a,
author = {Jeremy Orloff and Jonathan Bloom},
title = {Bayesian Updating: Probabilistic Prediction Class 12, 18.05 Jeremy 
Orloff and Jonathan Bloom},
   howpublished = {Available at \url{https://ocw.mit.edu/courses/mathematics/18-05-introduction-to-probability-and-statistics-spring-2014/readings/MIT18_05S14_Reading12a.pdf}
  (Spring 2014)
  }
}


