@misc{reading7,
author = {Jeremy Orloff and Jonathan Bloom},
title = {Continuous Random Variables Class 5, 18.05, Spring 2014 Jeremy Orloff
 and Jonathan Bloom},
howpublished = {Available at \url{https://ocw.mit.edu/courses/mathematics/18-05-introduction-to-probability-and-statistics-spring-2014/readings/MIT18_05S14_Reading5b.pdf}
  (Spring 2014)
  }
},
@misc{reading7b,
author = {Jeremy Orloff and Jonathan Bloom},
title = {Covariance and Correlation Class 7, 18.05, Spring 2014 Jeremy Orloff
and Jonathan Bloom },
howpublished = {Available at \url{https://ocw.mit.edu/courses/mathematics/18-05-introduction-to-probability-and-statistics-spring-2014/readings/MIT18_05S14_Reading7b.pdf}
  (Spring 2014)
  }
},
@@misc{reading7qub,
author = {Jeremy Orloff and Jonathan Bloom},
title = {Reading Questions 7b},
howpublished = {Available at \url{https://ocw.mit.edu/courses/mathematics/18-05-introduction-to-probability-and-statistics-spring-2014/readings/reading-questions-7b/}
  (Spring 2014)
  }
},
@misc{reading7qu,
author = {Jeremy Orloff and Jonathan Bloom},
title = {Reading Questions 7a},
howpublished = {Available at \url{https://ocw.mit.edu/courses/mathematics/18-05-introduction-to-probability-and-statistics-spring-2014/readings/reading-questions-7a/}
  (Spring 2014)
  }
},
@misc{defProbTable,
author = {StatTrack.com},
title = {Statistics and Probability Dictionary},
howpublished = {Available at \url{http://stattrek.com/statistics/dictionary.aspx?definition=joint_probability_distribution}
  (2017)
  }
},
@misc{contrapositive,
author = {Peter Williams},
title = {Logical equivalence and implication},
howpublished = {Available at \url{http://www.math.csusb.edu/notes/logic/lognot/node2.html}
  (1996/9/2)
  }
},
@misc{logicNot,
author = {Latex.org user alainremillard},
title = {Logical Not Symbol},
howpublished = {Available at \url{http://www.math.csusb.edu/notes/logic/lognot/node2.html}
  (2012/3/16)
  }
},
@misc{symbolicLog,
author = {Peter Williams},
title = {Statements, truth values and truth tables},
howpublished = {Available at \url{http://www.math.csusb.edu/notes/logic/lognot/node1.html\#SECTION00010000000000000000}
  (1996/9/2)
  }
}
