@misc{slides3,
author = {Jeremy Orloff and Jonathan Bloom},
title = {Conditional Probability, Independence, Bayes Theorem
18.05},
howpublished = {Available at \url{https://ocw.mit.edu/courses/mathematics/18-05-introduction-to-probability-and-statistics-spring-2014/class-slides/MIT18_05S14_class3slides.pdf}
  (Spring 2014)
  }
}
