@misc{reading10bqu,
author = {Jeremy Orloff and Jonathan Bloom},
title = {Reading Questions 10b},
howpublished = {Available at \url{https://ocw.mit.edu/courses/mathematics/18-05-introduction-to-probability-and-statistics-spring-2014/readings/MIT18_05S14_Reading7a.pdf}
  (Spring 2014)
  }
}
