@misc{reading5b,
author = {Jeremy Orloff and Jonathan Bloom},
title = {Continuous Random Variables Class 5, 18.05, Spring 2014 Jeremy Orloff
and Jonathan Bloom},
howpublished = {Available at \url{https://ocw.mit.edu/courses/mathematics/18-05-introduction-to-probability-and-statistics-spring-2014/readings/MIT18_05S14_Reading5b.pdf}
  (Spring 2014)
  }
},@misc{reading5c,
author = {Jeremy Orloff and Jonathan Bloom},
title = {Gallery of Continuous Random Variables Class 5, 18.05, Spring 2014
Jeremy Orloff and Jonathan Bloom},
howpublished = {Available at \url{https://ocw.mit.edu/courses/mathematics/18-05-introduction-to-probability-and-statistics-spring-2014/readings/MIT18_05S14_Reading5c.pdf}
  (Spring 2014)
  }
},
@misc{reading5d,
author = {Jeremy Orloff and Jonathan Bloom},
title = {Manipulating Continuous Random Variables Class 5, 18.05, Spring 2014
Jeremy Orloff and Jonathan Bloom},
howpublished = {Available at \url{https://ocw.mit.edu/courses/mathematics/18-05-introduction-to-probability-and-statistics-spring-2014/readings/MIT18_05S14_Reading5d.pdf}
  (Spring 2014)
  }
},
@misc{slides5b,
author = {Jeremy Orloff and Jonathan Bloom},
title = {Studio 3 18.05 Spring 2014 Jeremy Orloff and Jonathan Bloom},
howpublished = {Available at \url{https://ocw.mit.edu/courses/mathematics/18-05-introduction-to-probability-and-statistics-spring-2014/class-slides/MIT18_05S14_cl5contslides.pdf}
  (Spring 2014)
  }
},@misc{slides5bAns,
author = {Jeremy Orloff and Jonathan Bloom},
title = { Studio 3 18.05 Spring 2014 Jeremy Orloff and Jonathan Bloom},
howpublished = {Available at \url{https://ocw.mit.edu/courses/mathematics/18-05-introduction-to-probability-and-statistics-spring-2014/class-slides/MIT18_05S14_cl5cont_slides.pdf}
  (Spring 2014)
  }
},@misc{intRules,
author = {Paul Dawkins},
title = {Proof of Various Integral Facts/Formulas/Properties},
howpublished = {Available at \url{http://tutorial.math.lamar.edu/Classes/CalcI/ProofIntProp.aspx}
  (2017)
  }
},@misc{studio3r,
author = {Jeremy Orloff and Jonathan Bloom},
title = {Code for Studio 3},
howpublished = {Available at \url{https://ocw.mit.edu/courses/mathematics/18-05-introduction-to-probability-and-statistics-spring-2014/studio-resources/studio3.zip}
  (Spring 2014)
  }
},@misc{includeGr,
author = {ShareLatex.com},
title = {Inserting Images},
howpublished = {Available at \url{https://www.sharelatex.com/learn/Inserting_Images}
  (2017)
  }
}
