@misc{probSet3,
author = {Jeremy Orloff and Jonathan Bloom},
title = {18.05 Problem Set 3, Spring 2014},
howpublished = {Available at \url{https://ocw.mit.edu/courses/mathematics/18-05-introduction-to-probability-and-statistics-spring-2014/assignments/MIT18_05S14_ps3.pdf}
  (Spring 2014)
  }
},
@misc{vennDiagram,
author = {Texample.net user Till Tantau},
title = {Example: Venn diagram},
howpublished = {Available at \url{http://www.texample.net/tikz/examples/venn-diagram/}
  (2006/11/08)
  }
}, @misc{nodePos,
author = {StackExchange.com user Paul Gessler},
title = {TikZ: How to set a node on an exact position on a line?},
howpublished = {Available at \url{http://tex.stackexchange.com/questions/147052/tikz-how-to-set-a-node-on-an-exact-position-on-a-line}
  (2015/2/08)
  }
},
@misc{reading4a,
author = {Jeremy Orloff and Jonathan Bloom},
title = {Discrete Random Variables Class 4, 18.05, Spring 2014 Jeremy
Orloff and Jonathan Bloom },
howpublished = {Available at \url{https://ocw.mit.edu/courses/mathematics/18-05-introduction-to-probability-and-statistics-spring-2014/readings/MIT18_05S14_Reading4a.pdf}
  (Spring 2014)
  }
},@misc{reading3,
author = {Jeremy Orloff and Jonathan Bloom},
title = {Conditional Probability, Independence and Bayes’ Theorem Class
  3, 18.05, Spring 2014},
howpublished = {Available at \url{https://ocw.mit.edu/courses/mathematics/18-05-introduction-to-probability-and-statistics-spring-2014/readings/MIT18_05S14_Reading3.pdf}
  (Spring 2014)
  }
},@misc{reading4b,
author = {Jeremy Orloff and Jonathan Bloom},
title = {Discrete Random Variables: Expected Value Class 4, 18.05,
Spring 2014 Jeremy Orloff and Jonathan Bloom},
howpublished = {Available at \url{https://ocw.mit.edu/courses/mathematics/18-05-introduction-to-probability-and-statistics-spring-2014/readings/MIT18_05S14_Reading4b.pdf}
  (Spring 2014)
  }
},@misc{reading5b,
author = {Jeremy Orloff and Jonathan Bloom},
title = {Continuous Random Variables Class 5, 18.05, Spring 2014 Jeremy Orloff
and Jonathan Bloom},
howpublished = {Available at \url{https://ocw.mit.edu/courses/mathematics/18-05-introduction-to-probability-and-statistics-spring-2014/readings/MIT18_05S14_Reading5b.pdf}
  (Spring 2014)
  }
},@misc{reading5a,
author = {Jeremy Orloff and Jonathan Bloom},
title = {Variance of Discrete Random Variables Class 5, 18.05, Spring 2014
Jeremy Orloff and Jonathan Bloom},
howpublished = {Available at \url{https://ocw.mit.edu/courses/mathematics/18-05-introduction-to-probability-and-statistics-spring-2014/readings/MIT18_05S14_Reading5a.pdf}
  (Spring 2014)
  }
},@misc{reading5aAns,
author = {John Hancock},
title = {MIT Introduction to Statistics 18.05 Reading 5a Questions},
howpublished = {Available at \url{https://github.com/jhancock1975/mit-intro-to-stats-18.05/blob/prob-set-3/reading-5a-questions/reading5aQuestions.pdf}
  (2017/3/16)
  }
},@misc{reading5d,
author = {Jeremy Orloff and Jonathan Bloom},
title = {Manipulating Continuous Random Variables Class 5, 18.05, Spring 2014
Jeremy Orloff and Jonathan Bloom},
howpublished = {Available at \url{https://ocw.mit.edu/courses/mathematics/18-05-introduction-to-probability-and-statistics-spring-2014/readings/MIT18_05S14_Reading5d.pdf}
  (Spring 2014)
  }
},@misc{rTable,
author = {StackOverflow.com user Shane},
title = {Counting the number of elements with the values of x in a vector}
howpublished = {Available at \url{http://stackoverflow.com/questions/1923273/counting-the-number-of-elements-with-the-values-of-x-in-a-vector}
  (2009/12/17)
  }
},@misc{plotPoints,
author = {StackExchange user Peter Grill},
title = {Draw a Plot with Point - Answer}
howpublished = {Available at \url{http://tex.stackexchange.com/questions/61316/draw-a-plot-with-point}
  (2012/6/26)
  }
},@misc{rStandardDev,
author = {R Core Team and contributors worldwide},
title = {Standard Deviation}
howpublished = {Available at \url{https://stat.ethz.ch/R-manual/R-devel/library/stats/html/sd.html}
  (Accessed 2017/3/18)
  }
},@misc{studio3,
author = {Jeremy Orloff and Jonathan Bloom},
title = {Code for Studio 3 (ZIP)}
howpublished = {Available at \url{https://ocw.mit.edu/courses/mathematics/18-05-introduction-to-probability-and-statistics-spring-2014/studio-resources/studio3.zip}
  (Spring 2014)
  }
} ,@misc{basicInt,
author = {Michael Dougherty},
title = {Chapter 6 Basic Integration}
howpublished = {Available at \url{http://faculty.swosu.edu/michael.dougherty/book/chapter06.pdf}
  (2012/11/20)
  }
},@misc{plotFunc,
author = {Alain Matthes},
title = {How to plot functions like ‎‎‎‎‎x=f(y)‎‎ using TikZ?}
howpublished = {Available at \url{http://tex.stackexchange.com/questions/105570/how-to-plot-functions-like-x-fy-using-tikz}
  (2013/3/27)
  }
}
