@misc{studio5,
author = {Jeremy Orloff and Jonathan Bloom},
title = {Studio 5: Bayesian Updating 18.05 Spring 2014},
howpublished = {Available at \url{https://ocw.mit.edu/courses/mathematics/18-05-introduction-to-probability-and-statistics-spring-2014/studio-resources/MIT18_05S14_studio5slides.pdf}
  (Spring 2014)
  }
}
