@misc{reading6a,
author = {Jeremy Orloff and Jonathan Bloom},
title = {Expectation, Variance and Standard Deviation for Continuous Random
  Variables Class 6, 18.05, Spring 2014 Jeremy Orloff and Jonathan Bloom },
   howpublished = {Available at \url{https://ocw.mit.edu/courses/mathematics/18-05-introduction-to-probability-and-statistics-spring-2014/readings/MIT18_05S14_Reading6a.pdf}
  (Spring 2014)
  }
},@misc{reading6aQu,
author = {Jeremy Orloff and Jonathan Bloom},
title = {Reading Questions 6a},
   howpublished = {Available at \url{https://ocw.mit.edu/courses/mathematics/18-05-introduction-to-probability-and-statistics-spring-2014/readings/reading-questions-6a/}
  (Spring 2014)
  }
},@misc{typesetDx,
author = {StackExchange.com user Hendrik Vogt},
title = {What's the proper way to typeset a differential operator?},
 howpublished = {Available at \url{http://tex.stackexchange.com/questions/14821/whats-the-proper-way-to-typeset-a-differential-operator}
  (2011/4/3)
  }
},@misc{basicInt,
author = {Michael Dougherty},
title = {Chapter 6 Basic Integration},
howpublished = {Available at \url{http://faculty.swosu.edu/michael.dougherty/book/chapter06.pdf}
  (2012/11/20)
  }
}
