@misc{reading7,
author = {Jeremy Orloff and Jonathan Bloom},
title = {Continuous Random Variables Class 5, 18.05, Spring 2014 Jeremy Orloff
 and Jonathan Bloom},
howpublished = {Available at \url{https://ocw.mit.edu/courses/mathematics/18-05-introduction-to-probability-and-statistics-spring-2014/readings/MIT18_05S14_Reading5b.pdf}
  (Spring 2014)
  }
},
@misc{reading5c,
author = {Jeremy Orloff and Jonathan Bloom},
title = {Gallery of Continuous Random Variables Class 5, 18.05, Spring 2014
Jeremy Orloff and Jonathan Bloom },
howpublished = {Available at \url{https://ocw.mit.edu/courses/mathematics/18-05-introduction-to-probability-and-statistics-spring-2014/readings/MIT18_05S14_Reading5c.pdf}
  (Spring 2014)
  }
},
@misc{reading5b,
author = {Jeremy Orloff and Jonathan Bloom},
title = {Continuous Random Variables Class 5, 18.05, Spring 2014 Jeremy Orloff
 and Jonathan Bloom},
howpublished = {Available at \url{https://ocw.mit.edu/courses/mathematics/18-05-introduction-to-probability-and-statistics-spring-2014/readings/MIT18_05S14_Reading5b.pdf}
  (Spring 2014)
  }
},
@misc{reading5a,
author = {Jeremy Orloff and Jonathan Bloom},
title = {Variance of Discrete Random Variables Class 5, 18.05, Spring 2014 
Jeremy Orloff and Jonathan Bloom},
howpublished = {Available at \url{https://ocw.mit.edu/courses/mathematics/18-05-introduction-to-probability-and-statistics-spring-2014/readings/MIT18_05S14_Reading5a.pdf}
  (Spring 2014)
  }
},
@misc{reading6a,
author = {Jeremy Orloff and Jonathan Bloom},
title = {Expectation, Variance and Standard Deviation for Continuous Random
  Variables Class 6, 18.05, Spring 2014 Jeremy Orloff and Jonathan Bloom },
   howpublished = {Available at \url{https://ocw.mit.edu/courses/mathematics/18-05-introduction-to-probability-and-statistics-spring-2014/readings/MIT18_05S14_Reading6a.pdf}
  (Spring 2014)
  }
},
@misc{reading4b,
author = {Jeremy Orloff and Jonathan Bloom},
title = {Discrete Random Variables: Expected Value Class 4, 18.05, Spring 2014
Jeremy Orloff and Jonathan Bloom},
   howpublished = {Available at \url{https://ocw.mit.edu/courses/mathematics/18-05-introduction-to-probability-and-statistics-spring-2014/readings/MIT18_05S14_Reading4b.pdf}
  (Spring 2014)
  }
},
@misc{basicInt,
author = {Michael Dougherty},
title = {Chapter 6 Basic Integration},
howpublished = {Available at \url{http://faculty.swosu.edu/michael.dougherty/book/chapter06.pdf}
  (2012/11/20)
  }
},
@misc{slides7,
author = {Jeremy Orloff and Jonathan Bloom},
title = {Joint Distributions, Independence Covariance and Correlation 18.05
Spring 2014 Jeremy Orloff and Jonathan Bloom},
howpublished = {Available at \url{https://ocw.mit.edu/courses/mathematics/18-05-introduction-to-probability-and-statistics-spring-2014/class-slides/MIT18_05S14_class7slides.pdf}
  (Spring 2014)
  }
},
@misc{slides7Sol,
author = {Jeremy Orloff and Jonathan Bloom},
title = {Joint Distributions, Independence Covariance and Correlation 18.05
Spring 2014 Jeremy Orloff and Jonathan Bloom},
howpublished = {Available at \url{https://ocw.mit.edu/courses/mathematics/18-05-introduction-to-probability-and-statistics-spring-2014/class-slides/MIT18_05S14_class7_slides.pdf}
  (Spring 2014)
  }
},
@misc{reading6b,
author = {Jeremy Orloff and Jonathan Bloom},
title = {Expectation, Variance and Standard Deviation for Continuous Random
 Variables Class 6, 18.05, Spring 2014 Jeremy Orloff and Jonathan Bloom },
   howpublished = {Available at \url{https://ocw.mit.edu/courses/mathematics/18-05-introduction-to-probability-and-statistics-spring-2014/readings/MIT18_05S14_Reading6b.pdf}
  (Spring 2014)
  }
},
@misc{reading7b,
author = {Jeremy Orloff and Jonathan Bloom},
title = {Covariance and Correlation Class 7, 18.05, Spring 2014 Jeremy Orloff
and Jonathan Bloom },
howpublished = {Available at \url{https://ocw.mit.edu/courses/mathematics/18-05-introduction-to-probability-and-statistics-spring-2014/readings/MIT18_05S14_Reading7b.pdf}
  (Spring 2014)
  }
}
,
@misc{probSet4,
author = {Jeremy Orloff and Jonathan Bloom},
title = {18.05 Problem Set 4, Spring 2014 }, 
howpublished = {Available at \url{https://ocw.mit.edu/courses/mathematics/18-05-introduction-to-probability-and-statistics-spring-2014/assignments/MIT18_05S14_ps4.pdf}
  (Spring 2014)
  }
},

@misc{jointBasics,
author = {Unknown},
title = {Joint Discrete Probability
Distributions}, 
howpublished = {Available at \url{http://milefoot.com/math/stat/rv-jointdiscrete.htm}
  }
}
