@misc{reading5b,
author = {Jeremy Orloff and Jonathan Bloom},
title = {Continuous Random Variables Class 5, 18.05, Spring 2014 Jeremy Orloff
and Jonathan Bloom},
howpublished = {Available at \url{https://ocw.mit.edu/courses/mathematics/18-05-introduction-to-probability-and-statistics-spring-2014/readings/MIT18_05S14_Reading5b.pdf}
  (Spring 2014)
  }
},
@misc{reading5a,
author = {Jeremy Orloff and Jonathan Bloom},
title = {Variance of Discrete Random Variables Class 5, 18.05, Spring 2014
 Jeremy Orloff and Jonathan Bloom },
howpublished = {Available at \url{https://ocw.mit.edu/courses/mathematics/18-05-introduction-to-probability-and-statistics-spring-2014/readings/MIT18_05S14_Reading5a.pdf}
  (Spring 2014)
  }
},
@misc{slides5,
author = {Jeremy Orloff and Jonathan Bloom},
title = {Variance; Continuous Random Variables 18.05 Spring 2014 Jeremy Orloff and Jonathan Bloom},
howpublished = {Available at \url{https://ocw.mit.edu/courses/mathematics/18-05-introduction-to-probability-and-statistics-spring-2014/class-slides/MIT18_05S14_class5slides.pdf}
  (Spring 2014)
  }
},@misc{slides5Ans,
author = {Jeremy Orloff and Jonathan Bloom},
title = {Variance; Continuous Random Variables 18.05 Spring 2014 Jeremy Orloff and Jonathan Bloom},
howpublished = {Available at \url{https://ocw.mit.edu/courses/mathematics/18-05-introduction-to-probability-and-statistics-spring-2014/class-slides/MIT18_05S14_class5_slides.pdf}  (Spring 2014)
  }
},
@misc{latexBarChart,
author = {ShareLaTeX.com},
title = {Variance; Continuous Random Variables 18.05 Spring 2014 Jeremy Orloff and Jonathan Bloom},
howpublished = {Available at \url{https://www.sharelatex.com/learn/Pgfplots_package}  (2017)
  }
},
@misc{proofIntProps,
author = {Paul Dawkins},
title = {Proof of Various Integral Facts/Formulas/Properties},
howpublished = {Available at \url{https://www.sharelatex.com/learn/Pgfplots_package}  (accessed 2017/3/8)
  }
},
@misc{evalInt,
author = {StackExchange.com user Niel de Beaudrap},
title = {Math symbol question: Vertical bar for ``evaluated at \ldots''},
howpublished = {Available at \url{http://tex.stackexchange.com/questions/40160/math-symbol-question-vertical-bar-for-evaluated-at}  
(accessed 2011/4/11)

  }
}
