@misc{classSlides17,
author = {Jeremy Orloff and Jonathan Bloom},
title = {Frequentist Statistics and Hypothesis testing 18.05 Spring 2014},
howpublished = {Available at \url{https://ocw.mit.edu/courses/mathematics/18-05-introduction-to-probability-and-statistics-spring-2014/class-slides/MIT18_05S14_class17_slides.pdf}
  (Spring 2014)
  }
},
@misc{rTut2Tail,
author = {Chi Yaho},
title = {Two-Tailed Test of Population Proportion},
howpublished = {Available at \url{http://www.r-tutor.com/elementary-statistics/hypothesis-testing/two-tailed-test-population-proportion}
  (2009-2018)
  }
},
