@misc{probSet7,
author = {Jeremy Orloff and Jonathan Bloom},
title = {18.05 Problem Set 7, Spring 2014},
howpublished = {Available at \url{https://ocw.mit.edu/courses/mathematics/18-05-introduction-to-probability-and-statistics-spring-2014/assignments/MIT18_05S14_ps7.pdf}
  (Spring 2014)
  }
},
@misc{reading17a,
author = {Jeremy Orloff and Jonathan Bloom},
title = {The Frequentist School of Statistics Class 17, 18.05},
   howpublished = {Available at \url{https://ocw.mit.edu/courses/mathematics/18-05-introduction-to-probability-and-statistics-spring-2014/readings/MIT18_05S14_Reading17a.pdf}
  (Spring 2014)
  }
},
@misc{reading17b,
author = {Jeremy Orloff and Jonathan Bloom},
title = {Null Hypothesis Significance Testing I Class 17, 18.05  Jeremy Orloff and Jonathan Bloom},
   howpublished = {Available at \url{https://ocw.mit.edu/courses/mathematics/18-05-introduction-to-probability-and-statistics-spring-2014/readings/MIT18_05S14_Reading17b.pdf}
  (Spring 2014)
  }
}
