@misc{reading7,
author = {Jeremy Orloff and Jonathan Bloom},
title = {Continuous Random Variables Class 5, 18.05, Spring 2014 Jeremy Orloff
 and Jonathan Bloom},
howpublished = {Available at \url{https://ocw.mit.edu/courses/mathematics/18-05-introduction-to-probability-and-statistics-spring-2014/readings/MIT18_05S14_Reading5b.pdf}
  (Spring 2014)
  }
},
@@misc{reading5c,
author = {Jeremy Orloff and Jonathan Bloom},
title = {Gallery of Continuous Random Variables Class 5, 18.05, Spring 2014
Jeremy Orloff and Jonathan Bloom },
howpublished = {Available at \url{https://ocw.mit.edu/courses/mathematics/18-05-introduction-to-probability-and-statistics-spring-2014/readings/MIT18_05S14_Reading5c.pdf}
  (Spring 2014)
  }
},
@@misc{reading6a,
author = {Jeremy Orloff and Jonathan Bloom},
title = {Expectation, Variance and Standard Deviation for Continuous Random
  Variables Class 6, 18.05, Spring 2014 Jeremy Orloff and Jonathan Bloom },
   howpublished = {Available at \url{https://ocw.mit.edu/courses/mathematics/18-05-introduction-to-probability-and-statistics-spring-2014/readings/MIT18_05S14_Reading6a.pdf}
  (Spring 2014)
  }
},
@misc{basicInt,
author = {Michael Dougherty},
title = {Chapter 6 Basic Integration}
howpublished = {Available at \url{http://faculty.swosu.edu/michael.dougherty/book/chapter06.pdf}
  (2012/11/20)
  }
},
@misc{slides7,
author = {Jeremy Orloff and Jonathan Bloom},
title = {Joint Distributions, Independence Covariance and Correlation 18.05
Spring 2014 Jeremy Orloff and Jonathan Bloom},
howpublished = {Available at \url{https://ocw.mit.edu/courses/mathematics/18-05-introduction-to-probability-and-statistics-spring-2014/class-slides/MIT18_05S14_class7slides.pdf}
  (Spring 2014)
  }
},@misc{reading6b,
author = {Jeremy Orloff and Jonathan Bloom},
title = {Expectation, Variance and Standard Deviation for Continuous Random
 Variables Class 6, 18.05, Spring 2014 Jeremy Orloff and Jonathan Bloom },
   howpublished = {Available at \url{https://ocw.mit.edu/courses/mathematics/18-05-introduction-to-probability-and-statistics-spring-2014/readings/MIT18_05S14_Reading6b.pdf}
  (Spring 2014)
  }
},
@misc{reading7b,
author = {Jeremy Orloff and Jonathan Bloom},
title = {Covariance and Correlation Class 7, 18.05, Spring 2014 Jeremy Orloff
and Jonathan Bloom },
howpublished = {Available at \url{https://ocw.mit.edu/courses/mathematics/18-05-introduction-to-probability-and-statistics-spring-2014/readings/MIT18_05S14_Reading7b.pdf}
  (Spring 2014)
  }
},
@@misc{reading7qub,
author = {Jeremy Orloff and Jonathan Bloom},
title = {Reading Questions 7b},
howpublished = {Available at \url{https://ocw.mit.edu/courses/mathematics/18-05-introduction-to-probability-and-statistics-spring-2014/readings/reading-questions-7b/}
  (Spring 2014)
  }
},
@misc{reading7qu,
author = {Jeremy Orloff and Jonathan Bloom},
title = {Reading Questions 7a},
howpublished = {Available at \url{https://ocw.mit.edu/courses/mathematics/18-05-introduction-to-probability-and-statistics-spring-2014/readings/reading-questions-7a/}
  (Spring 2014)
  }
},
@misc{defProbTable,
author = {StatTrack.com},
title = {Statistics and Probability Dictionary},
howpublished = {Available at \url{http://stattrek.com/statistics/dictionary.aspx?definition=joint_probability_distribution}
  (2017)
  }
},
@misc{contrapositive,
author = {Peter Williams},
title = {Logical equivalence and implication},
howpublished = {Available at \url{http://www.math.csusb.edu/notes/logic/lognot/node2.html}
  (1996/9/2)
  }
},
@misc{logicNot,
author = {Latex.org user alainremillard},
title = {Logical Not Symbol},
howpublished = {Available at \url{http://www.math.csusb.edu/notes/logic/lognot/node2.html}
  (2012/3/16)
  }
},
@misc{symbolicLog,
author = {Peter Williams},
title = {Statements, truth values and truth tables},
howpublished = {Available at \url{http://www.math.csusb.edu/notes/logic/lognot/node1.html\#SECTION00010000000000000000}
  (1996/9/2)
  }
},
@misc{colorCell,
author = {StackExchange.com user Wener},
title = {color only a cell of a table [duplicate]},
howpublished = {Available at \url{https://tex.stackexchange.com/questions/50349/color-only-a-cell-of-a-table}
  (2012/4/1)
  }
},
@misc{proofs,
author = {ShareLatex.com},
title = {Theorems and proofs},
howpublished = {Available at \url{https://www.sharelatex.com/learn/Theorems_and_proofs}
  (2017)
  }
},
@misc{bars,
author = {tex.StackExchange.com users Svend Tvsekaeg and David Carlisle},
title = {Absolute Value Symbols (Answer)},
howpublished = {Available at \url{https://tex.stackexchange.com/questions/43008/absolute-value-symbols}
  (2015/5/30)
  }
},
@misc{packageClash,
author = {tex.StackExchange.com user Keks Dose and Community},
title = {LaTeX Error: Option clash for package xcolor (for table) [duplicate] (Answer)},
howpublished = {Available at \url{https://tex.stackexchange.com/questions/87197/latex-error-option-clash-for-package-xcolor-for-table}
  (2017/4/13)
  }
}
