@misc{reading7,
author = {Jeremy Orloff and Jonathan Bloom},
title = {Continuous Random Variables Class 5, 18.05, Spring 2014 Jeremy Orloff
and Jonathan Bloom},
howpublished = {Available at \url{https://ocw.mit.edu/courses/mathematics/18-05-introduction-to-probability-and-statistics-spring-2014/readings/MIT18_05S14_Reading5b.pdf}
  (Spring 2014)
  }
}
