@misc{reading7,
author = {Jeremy Orloff and Jonathan Bloom},
title = {Continuous Random Variables Class 5, 18.05, Spring 2014 Jeremy Orloff
 and Jonathan Bloom},
howpublished = {Available at \url{https://ocw.mit.edu/courses/mathematics/18-05-introduction-to-probability-and-statistics-spring-2014/readings/MIT18_05S14_Reading5b.pdf}
  (Spring 2014)
  }
},
@misc{reading7qu,
author = {Jeremy Orloff and Jonathan Bloom},
title = {Reading Questions 7a},
howpublished = {Available at \url{https://ocw.mit.edu/courses/mathematics/18-05-introduction-to-probability-and-statistics-spring-2014/readings/reading-questions-7a/}
  (Spring 2014)
  }
},
@misc{doubleIntProp,
author = { Paul Dawkins},
title = {Paul's Online Math Notes},
howpublished = {Available at \url{http://tutorial.math.lamar.edu/Classes/CalcIII/DIGeneralRegion.aspx}
  (2017)
  }
},
@misc{doubleIntEval,
author = { Unknown},
title = {Double integrals},
howpublished = {Available at \url{http://www.stankova.net/statistics_2012/double_integration.pdf}
  (Accessed 4/11/2017)
  }
},
@misc{defProbTable,
author = {StatTrack.com},
title = {Statistics and Probability Dictionary},
howpublished = {Available at \url{http://stattrek.com/statistics/dictionary.aspx?definition=joint_probability_distribution}
  (2017)
  }
}
