@misc{reading4b,
author = {Jeremy Orloff and Jonathan Bloom},
title = {Discrete Random Variables: Expected Value Class 4, 18.05,
Spring 2014 Jeremy Orloff and Jonathan Bloom},
howpublished = {Available at \url{https://ocw.mit.edu/courses/mathematics/18-05-introduction-to-probability-and-statistics-spring-2014/readings/MIT18_05S14_Reading4b.pdf}
  (Spring 2014)
  }
},
@misc{texDoubleQuotes,
author = {Stack Exchange User ArTourter},
title = {Quote marks are backwards (using texmaker/PDFLatex) [duplicate] ArTouter's Answer},
howpublished = {Available at \url{http://tex.stackexchange.com/questions/52351/quote-marks-are-backwards-using-texmaker-pdflatex}
  (2012/4/18)
  }
},
@misc{texDollarSign,
author = {Latex-community.org user localghost},
title = {Getting the Dollar Sign in the Output},
howpublished = {Available at \url{http://latex-community.org/forum/viewtopic.php?t=5833}
  (2007/2/2)
  }
}

