@misc{reading4,
author = {Jeremy Orloff and Jonathan Bloom},
title = {Discrete Random Variables Class 4, 18.05, Spring 2014 Jeremy 
Orloff and Jonathan Bloom },
howpublished = {Available at \url{https://ocw.mit.edu/courses/mathematics/18-05-introduction-to-probability-and-statistics-spring-2014/readings/MIT18_05S14_Reading4a.pdf}
  (Spring 2014)
  }
},
@misc{latexSymbols,
author = {Scott Pakin},
title = {The Comprehensive Latex Symbol List},
howpublished = {Available at \url{https://math.uoregon.edu/wp-content/uploads/2014/12/compsymb-1qyb3zd.pdf}(2002/10/8)}
}
