@misc{reading4b,
author = {Jeremy Orloff and Jonathan Bloom},
title = {Discrete Random Variables: Expected Value Class 4, 18.05,
Spring 2014 Jeremy Orloff and Jonathan Bloom},
howpublished = {Available at \url{https://ocw.mit.edu/courses/mathematics/18-05-introduction-to-probability-and-statistics-spring-2014/readings/MIT18_05S14_Reading4b.pdf}
  (Spring 2014)
  }
},
@misc{reading4bQ,
author = {Jeremy Orloff and Jonathan Bloom},
title = {Reading Questions 4b},
howpublished = {Available at \url{https://ocw.mit.edu/courses/mathematics/18-05-introduction-to-probability-and-statistics-spring-2014/readings/reading-questions-4b/}
  (Spring 2014)
  }
},
@misc{latexTilde,
author = {tex.stackexchange.com member user11232},
title = {How do I draw a tilde in math mode? [duplicate], user11232 
  Answer},
howpublished = {Available at \url{http://tex.stackexchange.com/questions/75237/how-do-i-draw-a-tilde-in-math-mode}
  (2012/10/3)
  }
},
@misc{latexDots,
author = {tex.stackexchange.com member Heiko Oberdiek},
title = {Is there a difference between \ldots and \textellipsis?, Heiko Oberdiek 
  Answer},
howpublished = {Available at \url{http://tex.stackexchange.com/questions/258591/is-there-a-difference-between-ldots-and-textellipsis}
  (2015/8/4)
  }
},
@misc{reading4,
author = {Jeremy Orloff and Jonathan Bloom},
title = {Discrete Random Variables Class 4, 18.05, Spring 2014 Jeremy 
Orloff and Jonathan Bloom },
howpublished = {Available at \url{https://ocw.mit.edu/courses/mathematics/18-05-introduction-to-probability-and-statistics-spring-2014/readings/MIT18_05S14_Reading4a.pdf}
  (Spring 2014)
  }
},
@misc{latexProof,
author = {Wikibooks.org users 109.192.80.194 and 130.15.43.253 and 
130.225.71.18 and 131.111.184.83 and 136.159.58.88 and 160.45.115.119
and 190.134.172.30 and 190.97.38.228 and 192.5.215.213 and 
193.190.10.201 and 196.21.91.2 and 199.170.84.172 and 201.86.219.113
and 2a00 and 3mta3 and 68.97.133.204 and 74.69.39.169 and 79.242.196.96
and 84.58.159.30 and 86.57.190.31 and 90.216.173.184 and Ajmath62 and
Ambrevar and CtrlAltCarrot and Derbeth and DoVlaNik993 and 
Juliabackhausen and Mhue and Pi and Raylu and SamuelLB and Tomato86
and Tosha },
title = {LaTeX/Theorems},
howpublished = {Available at \url{https://en.wikibooks.org/w/index.php?title=LaTeX/Theorems&oldid=3039766}
  (2012/10/3)
  }
}
,
@misc{latexBreakEquation,
author = {tex.stackexchange.com member Leo Liu},
title = {How to break a long equation? [duplicate], Leo Liu 
  Answer},
howpublished = {Available at \url{http://tex.stackexchange.com/questions/8936/how-to-break-a-long-equation}
  (2011/1/14)
  }
}

