@misc{reading5a,
author = {Jeremy Orloff and Jonathan Bloom},
title = {Variance of Discrete Random Variables Class 5, 18.05, Spring 2014
Jeremy Orloff and Jonathan Bloom},
howpublished = {Available at \url{https://ocw.mit.edu/courses/mathematics/18-05-introduction-to-probability-and-statistics-spring-2014/readings/MIT18_05S14_Reading5a.pdf}
  (Spring 2014)
  }
},
@misc{basicPlot,
author = {Stackexchange.com user Joseph Wright},
title = {Best way to generate a nice function plots in LaTeX?},
howpublished = {Available at \url{http://tex.stackexchange.com/questions/3622/best-way-to-generate-a-nice-function-plots-in-latex}
  (2015/8/31)
  }
},
@misc{plotGallery,
author = {Christian Feuers√§nger?},
title = {PGFPlots Gallery},
howpublished = {Available at \url{http://pgfplots.sourceforge.net/gallery.html}
  (2017/03/05)
  }
}
