@misc{classSlides2,
author = {Jeremy Orloff and Jonathan Bloom},
title = {Probability: Terminology and Examples 18.05 Spring 2014},
howpublished = {Available at \url{https://ocw.mit.edu/courses/mathematics/18-05-introduction-to-probability-and-statistics-spring-2014/class-slides/MIT18_05S14_class2slides.pdf}(Spring 2014)}
},
@misc{probSet1,
author = {Jeremy Orloff and Jonathan Bloom},
title = {18.05 Problem Set 1, Spring 2014},
howpublished = {Available at \url{https://ocw.mit.edu/courses/mathematics/18-05-introduction-to-probability-and-statistics-spring-2014/assignments/MIT18_05S14_ps1.pdf} (Spring 2014)}
},
@misc{probSet1Solutions,
author = {Jeremy Orloff and Jonathan Bloom},
title = {18.05 Problem Set 1, Spring 2014 Solutions},
howpublished = {Available at \url{https://ocw.mit.edu/courses/mathematics/18-05-introduction-to-probability-and-statistics-spring-2014/assignments/MIT18_05S14_ps1_solutions.pdf} (Spring 2014)}
}
