@misc{reading4b,
author = {Jeremy Orloff and Jonathan Bloom},
title = {Discrete Random Variables: Expected Value Class 4, 18.05,
Spring 2014 Jeremy Orloff and Jonathan Bloom},
howpublished = {Available at \url{https://ocw.mit.edu/courses/mathematics/18-05-introduction-to-probability-and-statistics-spring-2014/readings/MIT18_05S14_Reading4b.pdf}
  (Spring 2014)
  }
},
@misc{reading4,
author = {Jeremy Orloff and Jonathan Bloom},
title = {Discrete Random Variables Class 4, 18.05, Spring 2014 Jeremy 
Orloff and Jonathan Bloom },
howpublished = {Available at \url{https://ocw.mit.edu/courses/mathematics/18-05-introduction-to-probability-and-statistics-spring-2014/readings/MIT18_05S14_Reading4a.pdf}
  (Spring 2014)
  }
},
@misc{slides4,
author = {Jeremy Orloff and Jonathan Bloom},
title = {Discrete Random Variables; Expectation 18.05 Spring 2014 Jeremy
 Orloff and Jonathan Bloom },
howpublished = {Available at \url{https://ocw.mit.edu/courses/mathematics/18-05-introduction-to-probability-and-statistics-spring-2014/class-slides/MIT18_05S14_class4slides.pdf}
  (Spring 2014)
  }
},
@misc{slides4Ans,
author = {Jeremy Orloff and Jonathan Bloom},
title = {Discrete Random Variables; Expectation 18.05 Spring 2014 Jeremy
 Orloff and Jonathan Bloom  },
howpublished = {Available at \url{https://ocw.mit.edu/courses/mathematics/18-05-introduction-to-probability-and-statistics-spring-2014/class-slides/MIT18_05S14_class4_slides.pdf}
  (Spring 2014)
  }
},
@misc{reading3,
author = {Jeremy Orloff and Jonathan Bloom},
title = {Conditional Probability, Independence and Bayesâ€™ Theorem Class 
  3, 18.05, Spring 2014},
howpublished = {Available at \url{https://ocw.mit.edu/courses/mathematics/18-05-introduction-to-probability-and-statistics-spring-2014/readings/MIT18_05S14_Reading3.pdf}
  (Spring 2014)
  }
},
,
@misc{probSet2,
author = {Jeremy Orloff and Jonathan Bloom},
title = {18.05 Problem Set 2, Spring 2014},
howpublished = {Available at \url{https://ocw.mit.edu/courses/mathematics/18-05-introduction-to-probability-and-statistics-spring-2014/assignments/MIT18_05S14_ps2.pdf}
  (Spring 2014)
  }
},
@misc{probSet2Ans,
author = {Jeremy Orloff and Jonathan Bloom},
title = {18.05 Problem Set 2, Spring 2014 Solutions},
howpublished = {Available at \url{https://ocw.mit.edu/courses/mathematics/18-05-introduction-to-probability-and-statistics-spring-2014/assignments/MIT18_05S14_ps2_solutions.pdf}
  (Spring 2014)
  }
},
@misc{probSet2Chk,
author = {Jeremy Orloff and Jonathan Bloom},
title = {Problem Set 2 Answer Checker},
howpublished = {Available at \url{https://ocw.mit.edu/courses/mathematics/18-05-introduction-to-probability-and-statistics-spring-2014/assignments/problem-set-2/}
  (Spring 2014)
  }
},
@misc{boyGirlWiki,
author = {113.161.72.37 and 130.232.82.144 and 161.24.24.4 and 
196.15.16.104 and 200.83.101.199
and 2601:e:cd00:13f0:2455:4373:5d95:9d7f and 27.253.22.47 and 
31.52.113.156 and 50.206.70.242 and 64.77.242.50 and 67.161.115.104
and 68.112.46.14 and 72.75.246.237 and AnomieBOT and Bender235 and 
Cydebot and Fivesevenninety and Grammarspellchecker and 
InternetArchiveBot and JeffJor and Monkbot and MRD2014 and Peter
and Pintoch and PrimeHunter and PrimeHunter and Rdbrid and Rfstell and
Riccardo.brasca and Rjwilmsi and Rjwilmsi and Sgeureka and Stamptrader
and Vanjagenije},
title = {Boy or Girl paradox},
howpublished = {Available at \url{https://en.wikipedia.org/w/index.php?title=Boy_or_Girl_paradox&oldid=766674814}
  (Spring 2014)
  }
}
