@misc{reading5a,
author = {Jeremy Orloff and Jonathan Bloom},
title = {Variance of Discrete Random Variables Class 5, 18.05, Spring 2014
Jeremy Orloff and Jonathan Bloom},
howpublished = {Available at \url{https://ocw.mit.edu/courses/mathematics/18-05-introduction-to-probability-and-statistics-spring-2014/readings/MIT18_05S14_Reading5a.pdf}
  (Spring 2014)
  }
},
@misc{reading5aQuestions,
author = {Jeremy Orloff and Jonathan Bloom},
title = {Reading Questions 5a},
howpublished = {Available at \url{https://ocw.mit.edu/courses/mathematics/18-05-introduction-to-probability-and-statistics-spring-2014/readings/reading-questions-5a/}
  (Spring 2014)
  }
}
