@misc{reading6a,
author = {Jeremy Orloff and Jonathan Bloom},
title = {Expectation, Variance and Standard Deviation for Continuous Random
  Variables Class 6, 18.05, Spring 2014 Jeremy Orloff and Jonathan Bloom },
   howpublished = {Available at \url{https://ocw.mit.edu/courses/mathematics/18-05-introduction-to-probability-and-statistics-spring-2014/readings/MIT18_05S14_Reading6a.pdf}
  (Spring 2014)
  }
},@misc{reading6aQu,
author = {Jeremy Orloff and Jonathan Bloom},
title = {Reading Questions 6a},
   howpublished = {Available at \url{https://ocw.mit.edu/courses/mathematics/18-05-introduction-to-probability-and-statistics-spring-2014/readings/reading-questions-6a/}
  (Spring 2014)
  }
},@misc{reading6b,
author = {Jeremy Orloff and Jonathan Bloom},
title = {Expectation, Variance and Standard Deviation for Continuous Random
 Variables Class 6, 18.05, Spring 2014 Jeremy Orloff and Jonathan Bloom },
   howpublished = {Available at \url{https://ocw.mit.edu/courses/mathematics/18-05-introduction-to-probability-and-statistics-spring-2014/readings/MIT18_05S14_Reading6b.pdf}
  (Spring 2014)
  }
},@misc{reading6bQu,
author = {Jeremy Orloff and Jonathan Bloom},
title = {Reading Questions 6b},
   howpublished = {Available at \url{https://ocw.mit.edu/courses/mathematics/18-05-introduction-to-probability-and-statistics-spring-2014/readings/reading-questions-6b/}
  (Spring 2014)
  }
}
