@misc{reading6a,
author = {Jeremy Orloff and Jonathan Bloom},
title = {Expectation, Variance and Standard Deviation for Continuous Random
  Variables Class 6, 18.05, Spring 2014 Jeremy Orloff and Jonathan Bloom },
   howpublished = {Available at \url{https://ocw.mit.edu/courses/mathematics/18-05-introduction-to-probability-and-statistics-spring-2014/readings/MIT18_05S14_Reading6a.pdf}
  (Spring 2014)
  }
},@misc{slides6,
author = {Jeremy Orloff and Jonathan Bloom},
title = {Continuous Expectation and Variance, the Law of Large Numbers, and the
Central Limit Theorem 18.05 Spring 2014 Jeremy Orloff and Jonathan Bloom },
   howpublished = {Available at \url{https://ocw.mit.edu/courses/mathematics/18-05-introduction-to-probability-and-statistics-spring-2014/class-slides/MIT18_05S14_class6slides.pdf}
  (Spring 2014)
  }
},@misc{reading6b,
author = {Jeremy Orloff and Jonathan Bloom},
title = {Expectation, Variance and Standard Deviation for Continuous Random
 Variables Class 6, 18.05, Spring 2014 Jeremy Orloff and Jonathan Bloom },
   howpublished = {Available at \url{https://ocw.mit.edu/courses/mathematics/18-05-introduction-to-probability-and-statistics-spring-2014/readings/MIT18_05S14_Reading6b.pdf}
  (Spring 2014)
  }
},@misc{basicInt,
author = {Michael Dougherty},
title = {Chapter 6 Basic Integration},
howpublished = {Available at \url{http://faculty.swosu.edu/michael.dougherty/book/chapter06.pdf}
  (2012/11/20)
  }
}
